% Generated by Paperpile. Check out https://paperpile.com for more information.
% BibTeX export options can be customized via Settings -> BibTeX.

@ARTICLE{Zhang2021-xx,
  title    = "The history and evolution of the {Denisovan-EPAS1} haplotype in
              Tibetans",
  author   = "Zhang, Xinjun and Witt, Kelsey E and Ba{\~n}uelos, Mayra M and
              Ko, Amy and Yuan, Kai and Xu, Shuhua and Nielsen, Rasmus and
              Huerta-Sanchez, Emilia",
  journal  = "Proc. Natl. Acad. Sci. U. S. A.",
  volume   =  118,
  number   =  22,
  month    =  jun,
  year     =  2021,
  language = "en"
}

@ARTICLE{Bergstrom2021-iw,
  title    = "Origins of modern human ancestry",
  author   = "Bergstr{\"o}m, Anders and Stringer, Chris and Hajdinjak, Mateja
              and Scerri, Eleanor M L and Skoglund, Pontus",
  journal  = "Nature",
  volume   =  590,
  number   =  7845,
  pages    = "229--237",
  month    =  feb,
  year     =  2021,
  language = "en"
}

@ARTICLE{Lorente-Galdos2019-vz,
  title     = "Whole-genome sequence analysis of a Pan African set of samples
               reveals archaic gene flow from an extinct basal population of
               modern humans into sub-Saharan populations",
  author    = "Lorente-Galdos, Belen and Lao, Oscar and Serra-Vidal, Gerard and
               Santpere, Gabriel and Kuderna, Lukas F K and Arauna, Lara R and
               Fadhlaoui-Zid, Karima and Pimenoff, Ville N and Soodyall, Himla
               and Zalloua, Pierre and Marques-Bonet, Tomas and Comas, David",
  journal   = "Genome Biol.",
  publisher = "Springer Science and Business Media LLC",
  volume    =  20,
  number    =  1,
  pages     = "77",
  month     =  apr,
  year      =  2019,
  language  = "en"
}

@ARTICLE{Moorjani2016-ur,
  title    = "A genetic method for dating ancient genomes provides a direct
              estimate of human generation interval in the last 45,000 years",
  author   = "Moorjani, Priya and Sankararaman, Sriram and Fu, Qiaomei and
              Przeworski, Molly and Patterson, Nick and Reich, David",
  journal  = "Proc. Natl. Acad. Sci. U. S. A.",
  volume   =  113,
  number   =  20,
  pages    = "5652--5657",
  month    =  may,
  year     =  2016,
  language = "en"
}

@ARTICLE{Tian2019-zv,
  title    = "Estimating the Genome-wide Mutation Rate with {Three-Way}
              Identity by Descent",
  author   = "Tian, Xiaowen and Browning, Brian L and Browning, Sharon R",
  journal  = "Am. J. Hum. Genet.",
  volume   =  105,
  number   =  5,
  pages    = "883--893",
  month    =  nov,
  year     =  2019,
  language = "en"
}

@ARTICLE{Sasani2019-zp,
  title    = "Large, three-generation human families reveal post-zygotic
              mosaicism and variability in germline mutation accumulation",
  author   = "Sasani, Thomas A and Pedersen, Brent S and Gao, Ziyue and Baird,
              Lisa and Przeworski, Molly and Jorde, Lynn B and Quinlan, Aaron R",
  journal  = "Elife",
  volume   =  8,
  month    =  sep,
  year     =  2019,
  language = "en"
}

@ARTICLE{Moorjani2016-qj,
  title    = "Human Germline Mutation and the Erratic Evolutionary Clock",
  author   = "Moorjani, Priya and Gao, Ziyue and Przeworski, Molly",
  journal  = "PLoS Biol.",
  volume   =  14,
  number   =  10,
  pages    = "e2000744",
  month    =  oct,
  year     =  2016,
  language = "en"
}

@ARTICLE{Sawyer1992-rt,
  title    = "Population genetics of polymorphism and divergence",
  author   = "Sawyer, S A and Hartl, D L",
  journal  = "Genetics",
  volume   =  132,
  number   =  4,
  pages    = "1161--1176",
  month    =  dec,
  year     =  1992,
  language = "en"
}

@ARTICLE{Lipson2020-cq,
  title     = "Applying f4 -statistics and admixture graphs: Theory and
               examples",
  author    = "Lipson, Mark",
  journal   = "Mol. Ecol. Resour.",
  publisher = "Wiley",
  volume    =  20,
  number    =  6,
  pages     = "1658--1667",
  month     =  nov,
  year      =  2020,
  copyright = "http://onlinelibrary.wiley.com/termsAndConditions\#vor",
  language  = "en"
}

@ARTICLE{Bhatia2013-sq,
  title    = "Estimating and interpreting {FST}: the impact of rare variants",
  author   = "Bhatia, Gaurav and Patterson, Nick and Sankararaman, Sriram and
              Price, Alkes L",
  journal  = "Genome Res.",
  volume   =  23,
  number   =  9,
  pages    = "1514--1521",
  month    =  sep,
  year     =  2013,
  language = "en"
}

@ARTICLE{Chen2007-iy,
  title    = "The joint allele-frequency spectrum in closely related species",
  author   = "Chen, Hua and Green, Richard E and P{\"a}{\"a}bo, Svante and
              Slatkin, Montgomery",
  journal  = "Genetics",
  volume   =  177,
  number   =  1,
  pages    = "387--398",
  month    =  sep,
  year     =  2007,
  language = "en"
}

@ARTICLE{Hernandez2007-mf,
  title     = "Context dependence, ancestral misidentification, and spurious
               signatures of natural selection",
  author    = "Hernandez, Ryan D and Williamson, Scott H and Bustamante, Carlos
               D",
  journal   = "Mol. Biol. Evol.",
  publisher = "academic.oup.com",
  volume    =  24,
  number    =  8,
  pages     = "1792--1800",
  month     =  aug,
  year      =  2007,
  language  = "en"
}

@ARTICLE{International_HapMap_Consortium2007-vn,
  title     = "A second generation human haplotype map of over 3.1 million
               {SNPs}",
  author    = "{International HapMap Consortium} and Frazer, Kelly A and
               Ballinger, Dennis G and Cox, David R and Hinds, David A and
               Stuve, Laura L and Gibbs, Richard A and Belmont, John W and
               Boudreau, Andrew and Hardenbol, Paul and Leal, Suzanne M and
               Pasternak, Shiran and Wheeler, David A and Willis, Thomas D and
               Yu, Fuli and Yang, Huanming and Zeng, Changqing and Gao, Yang
               and Hu, Haoran and Hu, Weitao and Li, Chaohua and Lin, Wei and
               Liu, Siqi and Pan, Hao and Tang, Xiaoli and Wang, Jian and Wang,
               Wei and Yu, Jun and Zhang, Bo and Zhang, Qingrun and Zhao,
               Hongbin and Zhao, Hui and Zhou, Jun and Gabriel, Stacey B and
               Barry, Rachel and Blumenstiel, Brendan and Camargo, Amy and
               Defelice, Matthew and Faggart, Maura and Goyette, Mary and
               Gupta, Supriya and Moore, Jamie and Nguyen, Huy and Onofrio,
               Robert C and Parkin, Melissa and Roy, Jessica and Stahl, Erich
               and Winchester, Ellen and Ziaugra, Liuda and Altshuler, David
               and Shen, Yan and Yao, Zhijian and Huang, Wei and Chu, Xun and
               He, Yungang and Jin, Li and Liu, Yangfan and Shen, Yayun and
               Sun, Weiwei and Wang, Haifeng and Wang, Yi and Wang, Ying and
               Xiong, Xiaoyan and Xu, Liang and Waye, Mary M Y and Tsui,
               Stephen K W and Xue, Hong and Wong, J Tze-Fei and Galver, Luana
               M and Fan, Jian-Bing and Gunderson, Kevin and Murray, Sarah S
               and Oliphant, Arnold R and Chee, Mark S and Montpetit, Alexandre
               and Chagnon, Fanny and Ferretti, Vincent and Leboeuf, Martin and
               Olivier, Jean-Fran{\c c}ois and Phillips, Michael S and Roumy,
               St{\'e}phanie and Sall{\'e}e, Cl{\'e}mentine and Verner, Andrei
               and Hudson, Thomas J and Kwok, Pui-Yan and Cai, Dongmei and
               Koboldt, Daniel C and Miller, Raymond D and Pawlikowska, Ludmila
               and Taillon-Miller, Patricia and Xiao, Ming and Tsui, Lap-Chee
               and Mak, William and Song, You Qiang and Tam, Paul K H and
               Nakamura, Yusuke and Kawaguchi, Takahisa and Kitamoto, Takuya
               and Morizono, Takashi and Nagashima, Atsushi and Ohnishi, Yozo
               and Sekine, Akihiro and Tanaka, Toshihiro and Tsunoda, Tatsuhiko
               and Deloukas, Panos and Bird, Christine P and Delgado, Marcos
               and Dermitzakis, Emmanouil T and Gwilliam, Rhian and Hunt, Sarah
               and Morrison, Jonathan and Powell, Don and Stranger, Barbara E
               and Whittaker, Pamela and Bentley, David R and Daly, Mark J and
               de Bakker, Paul I W and Barrett, Jeff and Chretien, Yves R and
               Maller, Julian and McCarroll, Steve and Patterson, Nick and
               Pe'er, Itsik and Price, Alkes and Purcell, Shaun and Richter,
               Daniel J and Sabeti, Pardis and Saxena, Richa and Schaffner,
               Stephen F and Sham, Pak C and Varilly, Patrick and Altshuler,
               David and Stein, Lincoln D and Krishnan, Lalitha and Smith,
               Albert Vernon and Tello-Ruiz, Marcela K and Thorisson, Gudmundur
               A and Chakravarti, Aravinda and Chen, Peter E and Cutler, David
               J and Kashuk, Carl S and Lin, Shin and Abecasis, Gon{\c c}alo R
               and Guan, Weihua and Li, Yun and Munro, Heather M and Qin,
               Zhaohui Steve and Thomas, Daryl J and McVean, Gilean and Auton,
               Adam and Bottolo, Leonardo and Cardin, Niall and Eyheramendy,
               Susana and Freeman, Colin and Marchini, Jonathan and Myers,
               Simon and Spencer, Chris and Stephens, Matthew and Donnelly,
               Peter and Cardon, Lon R and Clarke, Geraldine and Evans, David M
               and Morris, Andrew P and Weir, Bruce S and Tsunoda, Tatsuhiko
               and Mullikin, James C and Sherry, Stephen T and Feolo, Michael
               and Skol, Andrew and Zhang, Houcan and Zeng, Changqing and Zhao,
               Hui and Matsuda, Ichiro and Fukushima, Yoshimitsu and Macer,
               Darryl R and Suda, Eiko and Rotimi, Charles N and Adebamowo,
               Clement A and Ajayi, Ike and Aniagwu, Toyin and Marshall,
               Patricia A and Nkwodimmah, Chibuzor and Royal, Charmaine D M and
               Leppert, Mark F and Dixon, Missy and Peiffer, Andy and Qiu,
               Renzong and Kent, Alastair and Kato, Kazuto and Niikawa, Norio
               and Adewole, Isaac F and Knoppers, Bartha M and Foster, Morris W
               and Clayton, Ellen Wright and Watkin, Jessica and Gibbs, Richard
               A and Belmont, John W and Muzny, Donna and Nazareth, Lynne and
               Sodergren, Erica and Weinstock, George M and Wheeler, David A
               and Yakub, Imtaz and Gabriel, Stacey B and Onofrio, Robert C and
               Richter, Daniel J and Ziaugra, Liuda and Birren, Bruce W and
               Daly, Mark J and Altshuler, David and Wilson, Richard K and
               Fulton, Lucinda L and Rogers, Jane and Burton, John and Carter,
               Nigel P and Clee, Christopher M and Griffiths, Mark and Jones,
               Matthew C and McLay, Kirsten and Plumb, Robert W and Ross, Mark
               T and Sims, Sarah K and Willey, David L and Chen, Zhu and Han,
               Hua and Kang, Le and Godbout, Martin and Wallenburg, John C and
               L'Archev{\^e}que, Paul and Bellemare, Guy and Saeki, Koji and
               Wang, Hongguang and An, Daochang and Fu, Hongbo and Li, Qing and
               Wang, Zhen and Wang, Renwu and Holden, Arthur L and Brooks, Lisa
               D and McEwen, Jean E and Guyer, Mark S and Wang, Vivian Ota and
               Peterson, Jane L and Shi, Michael and Spiegel, Jack and Sung,
               Lawrence M and Zacharia, Lynn F and Collins, Francis S and
               Kennedy, Karen and Jamieson, Ruth and Stewart, John",
  journal   = "Nature",
  publisher = "ncbi.nlm.nih.gov",
  volume    =  449,
  number    =  7164,
  pages     = "851--861",
  month     =  oct,
  year      =  2007,
  language  = "en"
}

@INCOLLECTION{Marean2014-pg,
  title     = "Stone Age people in a changing South African Greater Cape
               Floristic Region",
  booktitle = "Fynbos",
  author    = "Marean, Curtis W and Cawthra, Hayley C and Cowling, Richard M
               and Esler, Karen J and Fisher, Erich and Milewski, Antoni and
               Potts, Alastair J and Singels, Elzanne and De Vynck, Jan",
  publisher = "Oxford University Press",
  month     =  oct,
  year      =  2014
}

@ARTICLE{Blome2012-lw,
  title   = "The environmental context for the origins of modern human
             diversity: A synthesis of regional variability in African climate
             150,000--30,000 years ago",
  author  = "Blome, Margaret Whiting and Cohen, Andrew S and Tryon, Christian A
             and Brooks, Alison S and Russell, Joellen",
  journal = "J. Hum. Evol.",
  volume  =  62,
  number  =  5,
  pages   = "563--592",
  month   =  may,
  year    =  2012
}

@ARTICLE{Scerri2019-xg,
  title    = "Beyond multiregional and simple out-of-Africa models of human
              evolution",
  author   = "Scerri, Eleanor M L and Chikhi, Loun{\`e}s and Thomas, Mark G",
  journal  = "Nat Ecol Evol",
  volume   =  3,
  number   =  10,
  pages    = "1370--1372",
  month    =  oct,
  year     =  2019,
  language = "en"
}

@ARTICLE{Von_Cramon-Taubadel2009-zb,
  title     = "Congruence of individual cranial bone morphology and neutral
               molecular affinity patterns in modern humans",
  author    = "von Cramon-Taubadel, Noreen",
  journal   = "Am. J. Phys. Anthropol.",
  publisher = "Wiley",
  volume    =  140,
  number    =  2,
  pages     = "205--215",
  month     =  oct,
  year      =  2009,
  language  = "en"
}

@ARTICLE{Weaver2008-ho,
  title    = "Close correspondence between quantitative- and molecular-genetic
              divergence times for Neandertals and modern humans",
  author   = "Weaver, Timothy D and Roseman, Charles C and Stringer, Chris B",
  journal  = "Proc. Natl. Acad. Sci. U. S. A.",
  volume   =  105,
  number   =  12,
  pages    = "4645--4649",
  month    =  mar,
  year     =  2008,
  language = "en"
}

@ARTICLE{Relethford1994-mh,
  title    = "Craniometric variation among modern human populations",
  author   = "Relethford, J H",
  journal  = "Am. J. Phys. Anthropol.",
  volume   =  95,
  number   =  1,
  pages    = "53--62",
  month    =  sep,
  year     =  1994,
  language = "en"
}

@ARTICLE{Schrider2017-kl,
  title    = "Soft Sweeps Are the Dominant Mode of Adaptation in the Human
              Genome",
  author   = "Schrider, Daniel R and Kern, Andrew D",
  journal  = "Mol. Biol. Evol.",
  volume   =  34,
  number   =  8,
  pages    = "1863--1877",
  month    =  aug,
  year     =  2017,
  language = "en"
}

@UNPUBLISHED{Baumdicker2021-mj,
  title    = "Efficient ancestry and mutation simulation with msprime 1.0",
  author   = "Baumdicker, Franz and Bisschop, Gertjan and Goldstein, Daniel and
              Gower, Graham and Ragsdale, Aaron P and Tsambos, Georgia and Zhu,
              Sha and Eldon, Bjarki and Ellerman, Castedo E and Galloway, Jared
              G and Gladstein, Ariella L and Gorjanc, Gregor and Guo, Bing and
              Jeffery, Ben and Kretzschmar, Warren W and Lohse, Konrad and
              Matschiner, Michael and Nelson, Dominic and Pope, Nathaniel S and
              Quinto-Cort{\'e}s, Consuelo D and Rodrigues, Murillo F and
              Saunack, Kumar and Sellinger, Thibaut and Thornton, Kevin and van
              Kemenade, Hugo and Wohns, Anthony W and Yan Wong, H and Gravel,
              Simon and Kern, Andrew D and Koskela, Jere and Ralph, Peter L and
              Kelleher, Jerome",
  journal  = "bioRxiv",
  pages    = "2021.08.31.457499",
  month    =  sep,
  year     =  2021,
  language = "en"
}

@ARTICLE{Breton2014-xb,
  title    = "Lactase persistence alleles reveal partial East African ancestry
              of southern African Khoe pastoralists",
  author   = "Breton, Gwenna and Schlebusch, Carina M and Lombard, Marlize and
              Sj{\"o}din, Per and Soodyall, Himla and Jakobsson, Mattias",
  journal  = "Curr. Biol.",
  volume   =  24,
  number   =  8,
  pages    = "852--858",
  month    =  apr,
  year     =  2014,
  language = "en"
}

@ARTICLE{Henn2008-xo,
  title    = "Y-chromosomal evidence of a pastoralist migration through
              Tanzania to southern Africa",
  author   = "Henn, Brenna M and Gignoux, Christopher and Lin, Alice A and
              Oefner, Peter J and Shen, Peidong and Scozzari, Rosaria and
              Cruciani, Fulvio and Tishkoff, Sarah A and Mountain, Joanna L and
              Underhill, Peter A",
  journal  = "Proc. Natl. Acad. Sci. U. S. A.",
  volume   =  105,
  number   =  31,
  pages    = "10693--10698",
  month    =  aug,
  year     =  2008,
  language = "en"
}

@ARTICLE{Pagani2015-pz,
  title    = "Tracing the route of modern humans out of Africa by using 225
              human genome sequences from Ethiopians and Egyptians",
  author   = "Pagani, Luca and Schiffels, Stephan and Gurdasani, Deepti and
              Danecek, Petr and Scally, Aylwyn and Chen, Yuan and Xue, Yali and
              Haber, Marc and Ekong, Rosemary and Oljira, Tamiru and Mekonnen,
              Ephrem and Luiselli, Donata and Bradman, Neil and Bekele,
              Endashaw and Zalloua, Pierre and Durbin, Richard and Kivisild,
              Toomas and Tyler-Smith, Chris",
  journal  = "Am. J. Hum. Genet.",
  volume   =  96,
  number   =  6,
  pages    = "986--991",
  month    =  jun,
  year     =  2015,
  language = "en"
}

@ARTICLE{Gurdasani2015-qy,
  title    = "The African Genome Variation Project shapes medical genetics in
              Africa",
  author   = "Gurdasani, Deepti and Carstensen, Tommy and Tekola-Ayele, Fasil
              and Pagani, Luca and Tachmazidou, Ioanna and Hatzikotoulas,
              Konstantinos and Karthikeyan, Savita and Iles, Louise and
              Pollard, Martin O and Choudhury, Ananyo and Ritchie, Graham R S
              and Xue, Yali and Asimit, Jennifer and Nsubuga, Rebecca N and
              Young, Elizabeth H and Pomilla, Cristina and Kivinen, Katja and
              Rockett, Kirk and Kamali, Anatoli and Doumatey, Ayo P and Asiki,
              Gershim and Seeley, Janet and Sisay-Joof, Fatoumatta and Jallow,
              Muminatou and Tollman, Stephen and Mekonnen, Ephrem and Ekong,
              Rosemary and Oljira, Tamiru and Bradman, Neil and Bojang, Kalifa
              and Ramsay, Michele and Adeyemo, Adebowale and Bekele, Endashaw
              and Motala, Ayesha and Norris, Shane A and Pirie, Fraser and
              Kaleebu, Pontiano and Kwiatkowski, Dominic and Tyler-Smith, Chris
              and Rotimi, Charles and Zeggini, Eleftheria and Sandhu, Manjinder
              S",
  journal  = "Nature",
  volume   =  517,
  number   =  7534,
  pages    = "327--332",
  month    =  jan,
  year     =  2015,
  language = "en"
}

@ARTICLE{Gopalan2019-wd,
  title     = "Hunter-gatherer genomes reveal diverse demographic trajectories
               following the rise of farming in East Africa",
  author    = "Gopalan, S and Berl, R E W and Belbin, G and Gignoux, C R and
               {others}",
  journal   = "Biorxiv",
  publisher = "biorxiv.org",
  year      =  2019
}

@ARTICLE{Arredondo2021-qa,
  title    = "Inferring number of populations and changes in connectivity under
              the n-island model",
  author   = "Arredondo, Armando and Mourato, Beatriz and Nguyen, Khoa and
              Boitard, Simon and Rodr{\'\i}guez, Willy and No{\^u}s, Camille
              and Mazet, Olivier and Chikhi, Loun{\`e}s",
  journal  = "Heredity",
  volume   =  126,
  number   =  6,
  pages    = "896--912",
  month    =  jun,
  year     =  2021,
  language = "en"
}

@ARTICLE{Hammer2011-bx,
  title    = "Genetic evidence for archaic admixture in Africa",
  author   = "Hammer, Michael F and Woerner, August E and Mendez, Fernando L
              and Watkins, Joseph C and Wall, Jeffrey D",
  journal  = "Proc. Natl. Acad. Sci. U. S. A.",
  volume   =  108,
  number   =  37,
  pages    = "15123--15128",
  month    =  sep,
  year     =  2011,
  language = "en"
}

@ARTICLE{Kamm2020-vn,
  title     = "Efficiently inferring the demographic history of many
               populations with allele count data",
  author    = "Kamm, Jack and Terhorst, Jonathan and Durbin, Richard and Song,
               Yun S",
  journal   = "J. Am. Stat. Assoc.",
  publisher = "Taylor \& Francis",
  volume    =  115,
  number    =  531,
  pages     = "1472--1487",
  year      =  2020,
  language  = "en"
}

@ARTICLE{Stringer2016-mj,
  title    = "The origin and evolution of Homo sapiens",
  author   = "Stringer, Chris",
  journal  = "Philos. Trans. R. Soc. Lond. B Biol. Sci.",
  volume   =  371,
  number   =  1698,
  month    =  jul,
  year     =  2016,
  language = "en"
}

@ARTICLE{Deacon1995-rx,
  title     = "Two Late {Pleistocene-Holocene} Archaeological Depositories from
               the Southern Cape, South Africa",
  author    = "Deacon, H J",
  journal   = "The South African Archaeological Bulletin",
  publisher = "South African Archaeological Society",
  volume    =  50,
  number    =  162,
  pages     = "121--131",
  year      =  1995
}

@ARTICLE{White2003-bk,
  title    = "Pleistocene Homo sapiens from Middle Awash, Ethiopia",
  author   = "White, Tim D and Asfaw, Berhane and DeGusta, David and Gilbert,
              Henry and Richards, Gary D and Suwa, Gen and Howell, F Clark",
  journal  = "Nature",
  volume   =  423,
  number   =  6941,
  pages    = "742--747",
  month    =  jun,
  year     =  2003,
  language = "en"
}

@ARTICLE{Hublin2017-cq,
  title    = "New fossils from Jebel Irhoud, Morocco and the pan-African origin
              of Homo sapiens",
  author   = "Hublin, Jean-Jacques and Ben-Ncer, Abdelouahed and Bailey, Shara
              E and Freidline, Sarah E and Neubauer, Simon and Skinner, Matthew
              M and Bergmann, Inga and Le Cabec, Adeline and Benazzi, Stefano
              and Harvati, Katerina and Gunz, Philipp",
  journal  = "Nature",
  volume   =  546,
  number   =  7657,
  pages    = "289--292",
  month    =  jun,
  year     =  2017,
  language = "en"
}

@ARTICLE{Kelleher2016-lw,
  title    = "Efficient Coalescent Simulation and Genealogical Analysis for
              Large Sample Sizes",
  author   = "Kelleher, Jerome and Etheridge, Alison M and McVean, Gilean",
  journal  = "PLoS Comput. Biol.",
  volume   =  12,
  number   =  5,
  pages    = "e1004842",
  month    =  may,
  year     =  2016,
  language = "en"
}

@ARTICLE{Coffman2016-yq,
  title   = "Computationally Efficient Composite Likelihood Statistics for
             Demographic Inference",
  author  = "Coffman, Alec J and Hsieh, Ping Hsun and Gravel, Simon and
             Gutenkunst, Ryan N",
  journal = "Mol. Biol. Evol.",
  volume  =  33,
  number  =  2,
  pages   = "591--593",
  year    =  2016
}

@ARTICLE{Karczewski2020-le,
  title    = "The mutational constraint spectrum quantified from variation in
              141,456 humans",
  author   = "Karczewski, Konrad J and Francioli, Laurent C and Tiao, Grace and
              Cummings, Beryl B and Alf{\"o}ldi, Jessica and Wang, Qingbo and
              Collins, Ryan L and Laricchia, Kristen M and Ganna, Andrea and
              Birnbaum, Daniel P and Gauthier, Laura D and Brand, Harrison and
              Solomonson, Matthew and Watts, Nicholas A and Rhodes, Daniel and
              Singer-Berk, Moriel and England, Eleina M and Seaby, Eleanor G
              and Kosmicki, Jack A and Walters, Raymond K and Tashman,
              Katherine and Farjoun, Yossi and Banks, Eric and Poterba, Timothy
              and Wang, Arcturus and Seed, Cotton and Whiffin, Nicola and
              Chong, Jessica X and Samocha, Kaitlin E and Pierce-Hoffman, Emma
              and Zappala, Zachary and O'Donnell-Luria, Anne H and Minikel,
              Eric Vallabh and Weisburd, Ben and Lek, Monkol and Ware, James S
              and Vittal, Christopher and Armean, Irina M and Bergelson, Louis
              and Cibulskis, Kristian and Connolly, Kristen M and Covarrubias,
              Miguel and Donnelly, Stacey and Ferriera, Steven and Gabriel,
              Stacey and Gentry, Jeff and Gupta, Namrata and Jeandet, Thibault
              and Kaplan, Diane and Llanwarne, Christopher and Munshi, Ruchi
              and Novod, Sam and Petrillo, Nikelle and Roazen, David and
              Ruano-Rubio, Valentin and Saltzman, Andrea and Schleicher, Molly
              and Soto, Jose and Tibbetts, Kathleen and Tolonen, Charlotte and
              Wade, Gordon and Talkowski, Michael E and {Genome Aggregation
              Database Consortium} and Neale, Benjamin M and Daly, Mark J and
              MacArthur, Daniel G",
  journal  = "Nature",
  volume   =  581,
  pages    = "434--443",
  year     =  2020,
  language = "en"
}

@ARTICLE{Harris2020-pc,
  title     = "Array programming with {NumPy}",
  author    = "Harris, Charles R and Millman, K Jarrod and van der Walt,
               St{\'e}fan J and Gommers, Ralf and Virtanen, Pauli and
               Cournapeau, David and Wieser, Eric and Taylor, Julian and Berg,
               Sebastian and Smith, Nathaniel J and Kern, Robert and Picus,
               Matti and Hoyer, Stephan and van Kerkwijk, Marten H and Brett,
               Matthew and Haldane, Allan and Del R{\'\i}o, Jaime Fern{\'a}ndez
               and Wiebe, Mark and Peterson, Pearu and G{\'e}rard-Marchant,
               Pierre and Sheppard, Kevin and Reddy, Tyler and Weckesser,
               Warren and Abbasi, Hameer and Gohlke, Christoph and Oliphant,
               Travis E",
  journal   = "Nature",
  publisher = "nature.com",
  volume    =  585,
  number    =  7825,
  pages     = "357--362",
  month     =  sep,
  year      =  2020,
  language  = "en"
}

@ARTICLE{Virtanen2020-kr,
  title     = "{SciPy} 1.0: fundamental algorithms for scientific computing in
               Python",
  author    = "Virtanen, Pauli and Gommers, Ralf and Oliphant, Travis E and
               Haberland, Matt and Reddy, Tyler and Cournapeau, David and
               Burovski, Evgeni and Peterson, Pearu and Weckesser, Warren and
               Bright, Jonathan and van der Walt, St{\'e}fan J and Brett,
               Matthew and Wilson, Joshua and Millman, K Jarrod and Mayorov,
               Nikolay and Nelson, Andrew R J and Jones, Eric and Kern, Robert
               and Larson, Eric and Carey, C J and Polat, {\.I}lhan and Feng,
               Yu and Moore, Eric W and VanderPlas, Jake and Laxalde, Denis and
               Perktold, Josef and Cimrman, Robert and Henriksen, Ian and
               Quintero, E A and Harris, Charles R and Archibald, Anne M and
               Ribeiro, Ant{\^o}nio H and Pedregosa, Fabian and van Mulbregt,
               Paul and {SciPy 1.0 Contributors}",
  journal   = "Nat. Methods",
  publisher = "nature.com",
  volume    =  17,
  number    =  3,
  pages     = "261--272",
  month     =  mar,
  year      =  2020,
  language  = "en"
}

@ARTICLE{Harris2014-zg,
  title     = "Error-prone polymerase activity causes multinucleotide mutations
               in humans",
  author    = "Harris, Kelley and Nielsen, Rasmus",
  journal   = "Genome Res.",
  publisher = "genome.cshlp.org",
  volume    =  24,
  number    =  9,
  pages     = "1445--1454",
  month     =  sep,
  year      =  2014,
  language  = "en"
}

@ARTICLE{Speidel2019-nj,
  title     = "A method for genome-wide genealogy estimation for thousands of
               samples",
  author    = "Speidel, Leo and Forest, Marie and Shi, Sinan and Myers, Simon R",
  journal   = "Nat. Genet.",
  publisher = "Nature Publishing Group",
  volume    =  51,
  number    =  9,
  pages     = "1321--1329",
  month     =  sep,
  year      =  2019,
  language  = "en"
}

@ARTICLE{Hill1968-vu,
  title     = "Linkage disequilibrium in finite populations",
  author    = "Hill, W G and Robertson, A",
  journal   = "Theor. Appl. Genet.",
  publisher = "Springer",
  volume    =  38,
  number    =  6,
  pages     = "226--231",
  month     =  jun,
  year      =  1968,
  language  = "en"
}

@ARTICLE{Ohta1971-yd,
  title     = "Linkage disequilibrium between two segregating nucleotide sites
               under the steady flux of mutations in a finite population",
  author    = "Ohta, T and Kimura, M",
  journal   = "Genetics",
  publisher = "ncbi.nlm.nih.gov",
  volume    =  68,
  number    =  4,
  pages     = "571--580",
  month     =  aug,
  year      =  1971,
  language  = "en"
}

@ARTICLE{1000_Genomes_Project_Consortium2015-zq,
  title     = "A global reference for human genetic variation",
  author    = "{1000 Genomes Project Consortium} and Auton, Adam and Brooks,
               Lisa D and Durbin, Richard M and Garrison, Erik P and Kang, Hyun
               Min and Korbel, Jan O and Marchini, Jonathan L and McCarthy,
               Shane and McVean, Gil A and Abecasis, Gon{\c c}alo R",
  journal   = "Nature",
  publisher = "nature.com",
  volume    =  526,
  number    =  7571,
  pages     = "68--74",
  month     =  oct,
  year      =  2015,
  language  = "en"
}

@ARTICLE{Yang2012-ze,
  title     = "Ancient structure in Africa unlikely to explain Neanderthal and
               non-African genetic similarity",
  author    = "Yang, Melinda A and Malaspinas, Anna-Sapfo and Durand, Eric Y
               and Slatkin, Montgomery",
  journal   = "Mol. Biol. Evol.",
  publisher = "academic.oup.com",
  volume    =  29,
  number    =  10,
  pages     = "2987--2995",
  month     =  oct,
  year      =  2012,
  language  = "en"
}

@ARTICLE{Wall2019-ao,
  title     = "Identification of {African-Specific} Admixture between Modern
               and Archaic Humans",
  author    = "Wall, Jeffrey D and Ratan, Aakrosh and Stawiski, Eric and
               {GenomeAsia 100K Consortium}",
  journal   = "Am. J. Hum. Genet.",
  publisher = "Elsevier",
  volume    =  105,
  number    =  6,
  pages     = "1254--1261",
  month     =  dec,
  year      =  2019,
  language  = "en"
}

@ARTICLE{Hey2018-pw,
  title    = "Phylogeny Estimation by Integration over Isolation with Migration
              Models",
  author   = "Hey, Jody and Chung, Yujin and Sethuraman, Arun and Lachance,
              Joseph and Tishkoff, Sarah and Sousa, Vitor C and Wang, Yong",
  journal  = "Mol. Biol. Evol.",
  volume   =  35,
  number   =  11,
  pages    = "2805--2818",
  month    =  nov,
  year     =  2018,
  language = "en"
}

@ARTICLE{Plagnol2006-lt,
  title    = "Possible ancestral structure in human populations",
  author   = "Plagnol, Vincent and Wall, Jeffrey D",
  journal  = "PLoS Genet.",
  volume   =  2,
  number   =  7,
  pages    = "e105",
  month    =  jul,
  year     =  2006,
  language = "en"
}

@ARTICLE{Petr2019-xo,
  title     = "Limits of long-term selection against Neandertal introgression",
  author    = "Petr, Martin and P{\"a}{\"a}bo, Svante and Kelso, Janet and
               Vernot, Benjamin",
  journal   = "Proc. Natl. Acad. Sci. U. S. A.",
  publisher = "National Acad Sciences",
  volume    =  116,
  number    =  5,
  pages     = "1639--1644",
  month     =  jan,
  year      =  2019,
  language  = "en"
}

@ARTICLE{Prufer2017-kk,
  title     = "A high-coverage Neandertal genome from Vindija Cave in Croatia",
  author    = "Pr{\"u}fer, Kay and de Filippo, Cesare and Grote, Steffi and
               Mafessoni, Fabrizio and Korlevi{\'c}, Petra and Hajdinjak,
               Mateja and Vernot, Benjamin and Skov, Laurits and Hsieh,
               Pinghsun and Peyr{\'e}gne, St{\'e}phane and Reher, David and
               Hopfe, Charlotte and Nagel, Sarah and Maricic, Tomislav and Fu,
               Qiaomei and Theunert, Christoph and Rogers, Rebekah and
               Skoglund, Pontus and Chintalapati, Manjusha and Dannemann,
               Michael and Nelson, Bradley J and Key, Felix M and Rudan, Pavao
               and Ku{\'c}an, {\v Z}eljko and Gu{\v s}i{\'c}, Ivan and
               Golovanova, Liubov V and Doronichev, Vladimir B and Patterson,
               Nick and Reich, David and Eichler, Evan E and Slatkin,
               Montgomery and Schierup, Mikkel H and Andr{\'e}s, Aida M and
               Kelso, Janet and Meyer, Matthias and P{\"a}{\"a}bo, Svante",
  journal   = "Science",
  publisher = "science.sciencemag.org",
  volume    =  358,
  number    =  6363,
  pages     = "655--658",
  month     =  nov,
  year      =  2017,
  language  = "en"
}

@ARTICLE{Ragsdale2019-nt,
  title    = "Models of archaic admixture and recent history from two-locus
              statistics",
  author   = "Ragsdale, Aaron P and Gravel, Simon",
  journal  = "PLoS Genet.",
  volume   =  15,
  number   =  6,
  pages    = "e1008204",
  month    =  jun,
  year     =  2019,
  language = "en"
}

@ARTICLE{Ragsdale2020-nz,
  title    = "Unbiased Estimation of Linkage Disequilibrium from Unphased Data",
  author   = "Ragsdale, Aaron P and Gravel, Simon",
  journal  = "Mol. Biol. Evol.",
  volume   =  37,
  number   =  3,
  pages    = "923--932",
  month    =  mar,
  year     =  2020,
  language = "en"
}

@ARTICLE{Ragsdale2018-dd,
  title    = "Genomic inference using diffusion models and the allele frequency
              spectrum",
  author   = "Ragsdale, Aaron P and Moreau, Claudia and Gravel, Simon",
  journal  = "Curr. Opin. Genet. Dev.",
  volume   =  53,
  pages    = "140--147",
  month    =  dec,
  year     =  2018,
  language = "en"
}

@ARTICLE{Henn2018-rf,
  title    = "Clarifying distinct models of modern human origins in Africa",
  author   = "Henn, Brenna M and Steele, Teresa E and Weaver, Timothy D",
  journal  = "Curr. Opin. Genet. Dev.",
  volume   =  53,
  pages    = "148--156",
  month    =  dec,
  year     =  2018,
  language = "en"
}

@ARTICLE{Scerri2018-nl,
  title    = "Did Our Species Evolve in Subdivided Populations across Africa,
              and Why Does It Matter?",
  author   = "Scerri, Eleanor M L and Thomas, Mark G and Manica, Andrea and
              Gunz, Philipp and Stock, Jay T and Stringer, Chris and Grove,
              Matt and Groucutt, Huw S and Timmermann, Axel and Rightmire, G
              Philip and d'Errico, Francesco and Tryon, Christian A and Drake,
              Nick A and Brooks, Alison S and Dennell, Robin W and Durbin,
              Richard and Henn, Brenna M and Lee-Thorp, Julia and deMenocal,
              Peter and Petraglia, Michael D and Thompson, Jessica C and
              Scally, Aylwyn and Chikhi, Loun{\`e}s",
  journal  = "Trends Ecol. Evol.",
  volume   =  33,
  number   =  8,
  pages    = "582--594",
  month    =  aug,
  year     =  2018,
  language = "en"
}

@ARTICLE{Hsieh2016-gk,
  title    = "Model-based analyses of whole-genome data reveal a complex
              evolutionary history involving archaic introgression in Central
              African Pygmies",
  author   = "Hsieh, Pinghsun and Woerner, August E and Wall, Jeffrey D and
              Lachance, Joseph and Tishkoff, Sarah A and Gutenkunst, Ryan N and
              Hammer, Michael F",
  journal  = "Genome Res.",
  volume   =  26,
  number   =  3,
  pages    = "291--300",
  month    =  mar,
  year     =  2016,
  language = "en"
}

@ARTICLE{Durvasula2020-td,
  title    = "Recovering signals of ghost archaic introgression in African
              populations",
  author   = "Durvasula, Arun and Sankararaman, Sriram",
  journal  = "Sci Adv",
  volume   =  6,
  number   =  7,
  pages    = "eaax5097",
  month    =  feb,
  year     =  2020,
  language = "en"
}
